@article{clusteringlikeapro,
    title={Clustering Like a Pro: A Beginnerâ€™s Guide to DBSCAN},
    author={Lawal Oladipupo},
    journal={Medium},
    volume={25},
    year={2023}
}
